<record><leader>00000cas a22000007a 4500</leader><controlfield tag="001">21985704</controlfield><controlfield tag="008">900710d19091961wyuwr ne      0    0eng d</controlfield><datafield ind1=" " ind2=" " tag="010"><subfield code="a">sn 90051453 </subfield></datafield><datafield ind1=" " ind2=" " tag="040"><subfield code="a">CNQ</subfield><subfield code="b">eng</subfield><subfield code="c">CNQ</subfield><subfield code="d">NVO</subfield><subfield code="d">OCLCQ</subfield></datafield><datafield ind1=" " ind2=" " tag="042"><subfield code="a">msc</subfield></datafield><datafield ind1="0" ind2="0" tag="245"><subfield code="a">Jackson's Hole courier.</subfield></datafield><datafield ind1=" " ind2=" " tag="260"><subfield code="a">Jackson, Lincoln County, Wyo. :</subfield><subfield code="b">Alex Sherrig</subfield></datafield><datafield ind1=" " ind2=" " tag="300"><subfield code="a">v.</subfield></datafield><datafield ind1=" " ind2=" " tag="310"><subfield code="a">Weekly</subfield></datafield><datafield ind1="1" ind2=" " tag="362"><subfield code="a">Began in 1909.</subfield><subfield code="z">Cf. Homsher, L. Guide to Wyoming Newspapers, 1867-1967.</subfield></datafield><datafield ind1="0" ind2=" " tag="362"><subfield code="a">-52nd year, no. 52 (Jan. 26, 1961).</subfield></datafield><datafield ind1=" " ind2=" " tag="500"><subfield code="a">Publisher's box lists address as: Jackson, Uinta County, Wyo., Sept. 7, 1911.</subfield></datafield><datafield ind1=" " ind2=" " tag="515"><subfield code="a">Jan. 12, 1956- called: 47th year, no. 50-</subfield></datafield><datafield ind1=" " ind2=" " tag="580"><subfield code="a">Absorbed: The Grand Teton, May 22, 1934.</subfield></datafield><datafield ind1=" " ind2=" " tag="588"><subfield code="a">Description based on: Vol. 3, no. 15 (Sept. 7, 1911).</subfield></datafield><datafield ind1=" " ind2="4" tag="651"><subfield code="a">Jackson (Wyo.)</subfield><subfield code="v">Newspapers.</subfield></datafield><datafield ind1=" " ind2="4" tag="651"><subfield code="a">Teton County (Wyo.)</subfield><subfield code="v">Newspapers.</subfield></datafield><datafield ind1=" " ind2=" " tag="752"><subfield code="a">United States</subfield><subfield code="b">Wyoming</subfield><subfield code="c">Teton</subfield><subfield code="d">Jackson.</subfield></datafield><datafield ind1="1" ind2="5" tag="780"><subfield code="t">Grand Teton</subfield><subfield code="w">(DLC)sn 92067140</subfield></datafield><datafield ind1="1" ind2=" " tag="029"><subfield code="a">AU@</subfield><subfield code="b">000025851950</subfield></datafield></record>